<?xml version="1.0" encoding="utf-8"?>
<record>
  <leader>01037ctmaa22002172a 4500</leader>
  <controlfield tag="005">20200927194847.0</controlfield>
  <controlfield tag="008">851121q16001699xx            000 0 ara d</controlfield>
  <controlfield tag="001">9962646063506421</controlfield>
<datafield tag="035" ind1=" " ind2=" ">
  <subfield code="a">6264606</subfield>
</datafield>
<datafield tag="035" ind1=" " ind2=" ">
  <subfield code="a">(NjP)6264606-princetondb</subfield>
</datafield>
<datafield tag="040" ind1=" " ind2=" ">
  <subfield code="a">PUL</subfield>
  <subfield code="c">PUL</subfield>
</datafield>
<datafield tag="066" ind1=" " ind2=" ">
  <subfield code="c">(3</subfield>
</datafield>
<datafield tag="100" ind1="0" ind2=" ">
  <subfield code="a">Ghazzālī,</subfield>
  <subfield code="d">1058-1111.</subfield>
  <subfield code="0">http://id.loc.gov/authorities/names/n82097778</subfield>
</datafield>
<datafield tag="245" ind1="1" ind2="0">
  <subfield code="a">Minhāj al-ʻābidīn.</subfield>
</datafield>
<datafield tag="500" ind1=" " ind2=" ">
  <subfield code="a">fol. 21b-110b. 192 x 135: 168 x 90 mm. 21 lin. Jumādá I, 1087.</subfield>
</datafield>
<datafield tag="500" ind1=" " ind2=" ">
  <subfield code="a">Brockelmann, GAL, I, 542 (no. 38); S I, 751; Bouyges, Essai de chronologie des œuvres de al-Ghazali, no. 64.</subfield>
</datafield>
<datafield tag="500" ind1=" " ind2=" ">
  <subfield code="a">Incip.: ... الحمد لله الملك الحکىم</subfield>
</datafield>
<datafield tag="650" ind1=" " ind2="0">
  <subfield code="a">Sufism</subfield>
  <subfield code="v">Early works to 1800.</subfield>
  <subfield code="0">http://id.loc.gov/authorities/subjects/sh2008112367</subfield>
</datafield>
<datafield tag="650" ind1=" " ind2="0">
  <subfield code="a">Religious life</subfield>
  <subfield code="x">Islam</subfield>
  <subfield code="v">Early works to 1800.</subfield>
  <subfield code="0">http://id.loc.gov/authorities/subjects/sh86008165</subfield>
</datafield>
<datafield tag="650" ind1=" " ind2="0">
  <subfield code="a">Faith (Islam)</subfield>
  <subfield code="v">Early works to 1800.</subfield>
  <subfield code="0">http://id.loc.gov/authorities/subjects/sh87000153</subfield>
</datafield>
<datafield tag="655" ind1=" " ind2="7">
  <subfield code="a">Manuscripts, Arabic</subfield>
  <subfield code="y">17th century.</subfield>
  <subfield code="2">lcsh</subfield>
</datafield>
<datafield tag="773" ind1="0" ind2=" ">
  <subfield code="t">[Bidāyat al-hīdāyah ... etc.]</subfield>
  <subfield code="x">99116515383506421</subfield>
</datafield>
<datafield tag="950" ind1=" " ind2=" ">
  <subfield code="b">2020-12-02 06:12:49 US/Eastern</subfield>
  <subfield code="a">false</subfield>
</datafield>
<datafield tag="852" ind1="8" ind2="0">
  <subfield code="b">rare</subfield>
  <subfield code="c">hsvm</subfield>
  <subfield code="h">Islamic Manuscripts, Garrett no. 5931Y</subfield>
  <subfield code="8">2264711800006421</subfield>
</datafield>
<datafield tag="952" ind1=" " ind2=" ">
  <subfield code="a">2020-12-02 11:12:49</subfield>
  <subfield code="8">2264711800006421</subfield>
  <subfield code="b">Special Collections</subfield>
  <subfield code="c">hsvm: Manuscripts South East</subfield>
  <subfield code="e">false</subfield>
</datafield>
</record>
